@Book{Feller1968,
  title = {An Introduction to Probability Theory and Its Applications},
  author = {William Feller},
  publisher = {Wiley},
  volume = {1},
  year = {1968},
  edition = {3rd},
  note = {ISBN 978-0471257080},
}

@Book{Grolemund2014,
  title = {Hands on Programming with {R}},
  author = {Garrett Grolemund},
  publisher = {O'Reilly},
  year = {2014},
  note = {ISBN 978-1449359010},
  url = {https://rstudio-education.github.io/hopr/}
}

@Book{Luenberger2009,
  title = {Investment Science},
  author = {David Luenberger},
  publisher = {Oxford University Press},
  year = {2009},
  note = {ISBN 978-0195391060}
}

@Book{DiaconisSkyrms2019,
  title = {10 Great Ideas about Chance},
  author = {Persi Diaconis and Brian Skyrms},
  publisher = {Princeton University Press},
  year = {2019},
  note = {ISBN 978-0691196398}
}

@Book{Healy2018,
  title = {Data visualization: A practical introduction},
  author = {Kirean Healy},
  publisher = {Princeton University Press},
  year = {2019},
  note = {ISBN  978-0691181622}
}

@Book{WickhamGrolemund2017,
  title = {R for data science},
  author = {Hadley Wickham and Garrett Grolemund},
  publisher = {O'Reilly},
  year = {2017},
  note = {ISBN   978-1491910399},
  url = {https://r4ds.had.co.nz/}
}

@Book{Narayananetal2016,
  title = {Bitcoin and Cryptocurrency Technologies: A Comprehensive Introduction},
  author = {Arvind Narayanan and Joseph Bonneau and Edward Felten and Andrew Miller and Steven Goldfeder},
  publisher = {Princeton University Press},
  year = {2016},
  note = {ISBN 978-0691171692},
}

@Article{Samuelson1965,
  author ={Paul Samuelson},
  title = {Proof that properly anticipated prices
fluctuate randomly},
  journal = {Industrial Management Review},
  volume = {6},
  page = {41 -- 49},
  year = {1965}
}

@Book{BergerHill2015,
  title = {An Introduction to Benford's Law},
  author = {Arno Berger and Theodore Hill},
  publisher = {Princeton University Press},
  year = {2015},
  note = {ISBN 978-0691163062}
}

@Book{LoMacKinlay1999,
  title = {A Non-Random Walk Down Wallstreet},
  author = {Andrew Lo and Craig MacKinlay},
  publisher = {Princeton University Press},
  year = {2019},
  note = {ISBN 978-0691092560}
}

@Article{CovalJurekStafford2009,
year = {2009},
  title = {The economics of structured finance},
  author = {Joshua Coval and Jakub Jurek and Erik Stafford},
  journal = {Journal of Economic Perspectives},
  volume = {3},
  number = {1},
  page = {3 - 25},
  url = {http://pubs.aeaweb.org/doi/pdfplus/10.1257/jep.23.1.3}
}

@Book{Lewis2011,
  title = {The big short. Inside the doomsday machine},
  author = {Michael Lewis},
  year = {2011},
  publisher = {Norton },
  note = {ISBN 978-0393338829}
}

@Book{Tooze2018,
  title = {Crashed. How a decade of financial crisis changed the world},
  author = {Adam Tooze},
  publisher = {Viking},
  year = {2018},
  note = {ISBN 978-0670024933}
  }
  
@Book{Kahneman2013,
  title = {Thinking fast and slow},
  author = {Daniel Kahnemann},
  publisher = {Farrar, Strauss Giroux},
  year = {2013},
  note = {ISBN 978-0374533557}
}

@Book{Billingsley1995,
title = {Probability and Measure},
author = {Patrick Billingsley},
publisher= {Wiley},
year = {1995},
note = {ISBN 978-0471007104}}

@Book{Dunbar2000,
title={Inventing Money: The Story of Long-Term Capital Management and the Legends Behind It},
author = {Nicolas Dunbar},
publisher = {Wiley},
year={2000},
note = {978-0471498117}
}

@Book{Wickham2019,
title = {Advanced R},
author = {Hadley Wickham},
publisher = {Taylor and Francis},
year = {2019},
edition = {2},
note = {ISBN 978-0815384571}
}

@Book{Gilboa2009,
title = {Theory of Decision under Uncertainty},
author = {Ithak Gilboa},
publisher = {Cambridge University Press},
year = {2009},
note = {ISBN 978-0521741231}
}

@Book{Halpern2017,
author = {Joseph Halpern},
title = {Reasoning about uncertainty},
publisher = {MIT Press},
edition = {2},
year = {2017},
note = {ISBN  978-0262533805}
}

@Book{Taleb2007,
author = {Nassim Nicolas Taleb},
title = {Fooled by Randomenss},
publisher = {Penguin},
year = {2007},
note = {ISBN 978-0141031484}
}

@Book{Liu2001,
author = {Jun S. Liu},
title = {Monte Carlo Strategies in Scientific Computing},
publisher = {Springer},
year = {2001},
note = {ISBN 978-0387763699}
}

@Book{Glasserman2003,
author = {Paul Glasserman},
title = {Monte Carlo Methods in Financial Engineering},
publisher = {Springer},
year = {2003},
note = {ISBN 978-0387004518}
}

@Book{McNeilEmbrechtsFrey2015,
author = {Alexander McNeil and Paul Embrechts and Rudiger Frey},
title = {Quantitative Risk Management},
publisher = {Princeton University Press},
year = {2015},
note = {ISBN 978-0691166278}
}

@Book{WickhamBryan2023,
author = {Hadley Wickham and Jenifer Bryan},
title = {R Packages: Organize, Test, Document, and Share Your Code},
publisher = {O'Reilly},
year = {2023},
note = {ISBN 978-0387004518},
url  = {https://r-pkgs.org/}
}
